<record><leader>00000cas a22000007a 4500</leader><controlfield tag="001">15483238</controlfield><controlfield tag="008">870403d18851901inuwr ne      0    0eng d</controlfield><datafield ind1=" " ind2=" " tag="010"><subfield code="a">sn 87055492 </subfield></datafield><datafield ind1=" " ind2=" " tag="040"><subfield code="a">NPI</subfield><subfield code="b">eng</subfield><subfield code="c">NPI</subfield><subfield code="d">OCLCQ</subfield></datafield><datafield ind1=" " ind2=" " tag="042"><subfield code="a">msc</subfield></datafield><datafield ind1="0" ind2="4" tag="245"><subfield code="a">The Fountain City enterprise.</subfield></datafield><datafield ind1=" " ind2=" " tag="260"><subfield code="a">Flora, Ind. :</subfield><subfield code="b">Chas. E. Nobes, Jas. J. Moss</subfield></datafield><datafield ind1=" " ind2=" " tag="310"><subfield code="a">Weekly</subfield></datafield><datafield ind1="1" ind2=" " tag="362"><subfield code="a">Began in 1885; ceased in 1901?</subfield></datafield><datafield ind1=" " ind2=" " tag="588"><subfield code="a">Description based on: Vol. 3, no. 21 (Oct. 29, 1887).</subfield></datafield><datafield ind1=" " ind2=" " tag="752"><subfield code="a">United States</subfield><subfield code="b">Indiana</subfield><subfield code="c">Carroll</subfield><subfield code="d">Flora.</subfield></datafield><datafield ind1="0" ind2="7" tag="785"><subfield code="t">Flora sentinel</subfield><subfield code="w">(DLC)sn 87055494</subfield></datafield><datafield ind1="0" ind2="7" tag="785"><subfield code="t">Flora enterprise-sentinel</subfield><subfield code="w">(DLC)sn 87055493</subfield></datafield></record>